<?xml version="1.0" encoding="UTF-8"?><collection xmlns="http://www.loc.gov/MARC21/slim"><record><leader>00548nam--2200193-i-4500</leader><controlfield tag="001">000018490</controlfield><controlfield tag="002">20161230</controlfield><controlfield tag="005">20161230201032</controlfield><controlfield tag="008">060222s1000------------r-----000-0-rus-d</controlfield><datafield ind1=" " ind2=" " tag="040"><subfield code="a">IFIN-HH</subfield></datafield><datafield ind1=" " ind2=" " tag="041"><subfield code="a">rus</subfield></datafield><datafield ind1=" " ind2=" " tag="080"><subfield code="a">537.311.33</subfield></datafield><datafield ind1="1" ind2=" " tag="100"><subfield code="a">Stafeev, V.I</subfield></datafield><datafield ind1="1" ind2="0" tag="245"><subfield code="a">Magnitodiodi</subfield><subfield code="b">Novie poluprovodnikovie pribori s visokoi ceuvstvitelnostyu k magnitnomu polyu</subfield><subfield code="c">V.i stafeev, e.i. karakusan</subfield></datafield><datafield ind1=" " ind2=" " tag="260"><subfield code="a">Lmoskva</subfield><subfield code="b">Nauka</subfield><subfield code="c">1975</subfield></datafield><datafield ind1=" " ind2=" " tag="300"><subfield code="a">216P</subfield></datafield><datafield ind1="1" ind2=" " tag="700"><subfield code="a">Karakusan, E.I</subfield></datafield><datafield ind1=" " ind2=" " tag="852"><subfield code="a">43649</subfield><subfield code="c">537.311.33</subfield></datafield><datafield ind1=" " ind2=" " tag="CAT"><subfield code="a">Sys</subfield><subfield code="c">20110722</subfield><subfield code="h">153612</subfield></datafield></record></collection>